@PhdThesis{boissonnat:2015,
author = {G. Boissonnat},
title = {Chambres d'ionisation en Protonthérapie et Hadronthérapie},
school = {LPC Caen},
year = {2015},
}
@article{boissonnat:2017,
  TITLE = {{Characterization and performances of DOSION, a dosimetry equipment dedicated to radiobiology experiments taking place at GANIL}},
  AUTHOR = {Boissonnat, G. and Fontbonne, J.M. and Balanzat, E. and Boumard, F. and Carniol, B. and Colin, J. and Cussol, D. and Etasse, D. and Fontbonne, C. and Frelin, A.M. and Hommet, J. and Peronnel, J. and Salvador, S.},
  URL = {http://hal.in2p3.fr/in2p3-01347982},
  JOURNAL = {{Nuclear Instruments and Methods in Physics Research Section A: Accelerators, Spectrometers, Detectors and Associated Equipment}},
  PUBLISHER = {{Elsevier}},
  VOLUME = {856},
  PAGES = {1-6},
  YEAR = {2017},
  MONTH = Jun,
  DOI = {10.1016/j.nima.2016.12.040},
  PDF = {http://hal.in2p3.fr/in2p3-01347982/file/article.pdf},
  HAL_ID = {in2p3-01347982},
  HAL_VERSION = {v1},
}
